@article{Zeiler2013,
    archivePrefix = {arXiv},
    arxivId = {arXiv:1311.2901v3},
    author = {Zeiler, Matthew D and Fergus, Rob},
    eprint = {arXiv:1311.2901v3},
    file = {:Users/teainns/Desktop/DeepLearning/1311.2901.pdf:pdf},
    title = {{Visualizing and Understanding Convolutional Networks}},
    year = {2013}
}
